<?xml version="1.0" encoding="UTF-8"?><collection xmlns="http://www.loc.gov/MARC21/slim"><record><leader>00625nam--2200193-i-4500</leader><controlfield tag="001">000013636</controlfield><controlfield tag="002">20161230</controlfield><controlfield tag="005">20161230201030</controlfield><controlfield tag="008">060222s1000------------r-----000-0-eng-d</controlfield><datafield ind1=" " ind2=" " tag="040"><subfield code="a">IFIN-HH</subfield></datafield><datafield ind1=" " ind2=" " tag="080"><subfield code="a">539.1.08:614.876(061.3)</subfield></datafield><datafield ind1="1" ind2=" " tag="100"><subfield code="a">Thomas, H. Ralph</subfield></datafield><datafield ind1="1" ind2="0" tag="245"><subfield code="a">Advances in radiation protection and dosimetry in medicine</subfield><subfield code="c">Ralph h. thomas, victor perez-mendez (ed.)</subfield></datafield><datafield ind1=" " ind2=" " tag="260"><subfield code="a">New York</subfield><subfield code="b">Plenum Press</subfield><subfield code="c">1979</subfield></datafield><datafield ind1=" " ind2=" " tag="300"><subfield code="a">IX+658P</subfield></datafield><datafield ind1=" " ind2=" " tag="490"><subfield code="a">Ettore Majorana International Science Series Life Sciences</subfield></datafield><datafield ind1="1" ind2=" " tag="700"><subfield code="a">Perez-mendez, Victor</subfield></datafield><datafield ind1=" " ind2=" " tag="852"><subfield code="a">48849</subfield><subfield code="c">539.1.07:539.1.08</subfield></datafield><datafield ind1=" " ind2=" " tag="CAT"><subfield code="a">Sys</subfield><subfield code="c">20111027</subfield><subfield code="h">152659</subfield></datafield></record></collection>